<record><leader>00000cas a22000007a 4500</leader><controlfield tag="001">14227931</controlfield><controlfield tag="008">860917d19331933pauuu ne      0    0eng d</controlfield><datafield ind1=" " ind2=" " tag="010"><subfield code="a">sn 86083220 </subfield></datafield><datafield ind1=" " ind2=" " tag="040"><subfield code="a">NPH</subfield><subfield code="b">eng</subfield><subfield code="c">NPH</subfield><subfield code="d">OCLCQ</subfield></datafield><datafield ind1=" " ind2=" " tag="042"><subfield code="a">msc</subfield></datafield><datafield ind1="0" ind2=" " tag="130"><subfield code="a">News-mirror (Eagles Mere, Pa. : Eagles Mere ed.)</subfield></datafield><datafield ind1="1" ind2="0" tag="245"><subfield code="a">News-mirror.</subfield></datafield><datafield ind1=" " ind2=" " tag="250"><subfield code="a">Eagles Mere ed.</subfield></datafield><datafield ind1=" " ind2=" " tag="260"><subfield code="a">Eagles Mere, Pa. :</subfield><subfield code="b">C.R. Cummins</subfield></datafield><datafield ind1=" " ind2=" " tag="300"><subfield code="a">v. :</subfield><subfield code="b">ill.</subfield></datafield><datafield ind1="1" ind2=" " tag="362"><subfield code="a">Began in 1933; ceased in 1933?</subfield></datafield><datafield ind1=" " ind2=" " tag="500"><subfield code="a">Also issued in a weekly edition.</subfield></datafield><datafield ind1=" " ind2=" " tag="588"><subfield code="a">Description based on: Vol. 1, no. 2 (Season 1933).</subfield></datafield><datafield ind1=" " ind2=" " tag="752"><subfield code="a">United States</subfield><subfield code="b">Pennsylvania</subfield><subfield code="c">Sullivan</subfield><subfield code="d">Eagles Mere.</subfield></datafield></record>